<?xml version="1.0" encoding="UTF-8"?><collection xmlns="http://www.loc.gov/MARC21/slim"><record><leader>00694nam--2200193-u-4500</leader><controlfield tag="001">000054167</controlfield><controlfield tag="002">20161230</controlfield><controlfield tag="005">20161230201051</controlfield><controlfield tag="008">110914s1000------------r-----000-0-eng-d</controlfield><datafield ind1=" " ind2=" " tag="020"><subfield code="a">2960016300</subfield></datafield><datafield ind1=" " ind2=" " tag="040"><subfield code="a">IFIN-HH</subfield></datafield><datafield ind1=" " ind2=" " tag="080"><subfield code="a">535.82(061.3)</subfield></datafield><datafield ind1="1" ind2=" " tag="110"><subfield code="a">Committee Of European Sicieties Of Microscopy</subfield></datafield><datafield ind1="1" ind2="0" tag="245"><subfield code="a">Electron microscopy 96</subfield><subfield code="b">Eurem 11 dublin 1996 proceedings of eurem-11, the eleventh european conference on electron microscopy, held in dublin, ireland, 26-30 august 1996</subfield></datafield><datafield ind1=" " ind2=" " tag="260"><subfield code="a">Brussels</subfield><subfield code="b">Committee Of European Societies Of Microscopy</subfield><subfield code="c">1998</subfield></datafield><datafield ind1=" " ind2=" " tag="300"><subfield code="a">3 VOLUMES</subfield></datafield><datafield ind1=" " ind2=" " tag="787"><subfield code="a">Volume 3</subfield><subfield code="h">640p</subfield><subfield code="t">Biology</subfield></datafield><datafield ind1=" " ind2=" " tag="852"><subfield code="a">70136</subfield><subfield code="c">537.533.35</subfield></datafield><datafield ind1=" " ind2=" " tag="CAT"><subfield code="a">Sys</subfield><subfield code="c">20110914</subfield><subfield code="h">153305</subfield></datafield></record></collection>